@book{Wikibook:Haskell,
  author    = "Various Authors",
  title     = "Haskell :: Functional Programming with Types",
  year      = "2011",
  publisher = "Wikibooks",
  note      = "Section on Polymorphism, \url{http://en.wikibooks.org/wiki/Haskell/Polymorphism}"
}

@misc{Oleg:2011,
  author = "Oleg Kiselyov",
  title = "Continuations and delimited control",
  year = "2011",
  howpublished = "\url{http://okmij.org/ftp/continuations/index.html}"
}

@article{Liang:Unknown1,
  author  = "Sheng Liang, Paul Hudak, Mark Jonest",
  title   = "Monad Transformers and Modular Interpreters",
  journal = "Yale University Department of Computer Science New Haven",
  note    = "CT 06520-8285",
  year    = "Unknown Year"
}

@article{PeytonJones:2001,
  author = "Simon Peyton Jones",
  title  = "Tackling the awkward squad: monadic input/output, concurrency, exceptions, and foreign-language calls in Haskell",
  note   = "Presented at the 2000 Marktoberdorf Summer School. \\ \url{http://research.microsoft.com/en-us/um/people/simonpj/papers/marktoberdorf/}",
  journal   = "In Engineering theories of software construction",
  publisher = {IOS Press},
  ISBN      = {1 58603 1724},
  year      = 2001,
  pages     = "47--96",
}
